@techreport{Ping:Fear,
	title = "Overcoming the Fear of Unknowns for Improved Digital Experiences - Consumer Survey",
	institution = "Ping Identity",
	adress = "Denver, USA",
	month = sep,
	year = "2024",
	number = "4076"
}
